@article{greenwade93,
    author  = "George D. Greenwade",
    title   = "The {C}omprehensive {T}ex {A}rchive {N}etwork ({CTAN})",
    year    = "1993",
    journal = "TUGBoat",
    volume  = "14",
    number  = "3",
    pages   = "342--351"
}

@misc{techniquesandparadigms,
  title={Techniques and Paradigms in Modern Game AI Systems},
  author={Yunlong Lu & Wenxin Li},
  year={2022},
  howpublished={\url{https://www.mdpi.com/1999-4893/15/8/282}},
  note={Accessed: 2024/05/16}
}


@online{snakeai2020,
  author = {TechS0uls},
  title = {Teaching AI to Play Snake with Genetic Algorithm https://techs0uls.wordpress.com/2020/02/03/teaching-ai-to-play-snake-with-genetic-algorithm/},
  year = {2020},
  url = {https://techs0uls.wordpress.com/2020/02/03/teaching-ai-to-play-snake-with-genetic-algorithm/},
  urldate = {2024-06-03}
}


@article{cichy2019deep,
  title={Deep neural networks as scientific models},
  author={Cichy, Radoslaw M and Kaiser, Daniel},
  journal={Trends in cognitive sciences},
  volume={23},
  number={4},
  pages={305--317},
  year={2019},
  publisher={Elsevier}
}